@article{guoxu2018,
  title={The Costs of Patronage: Evidence from the British Empire},
  author={Xu, G.},
  journal={American Economic Review},
  year={2018},
  number={108(11)},
  pages={3170--3198}
}
  
@article{sun2021,
title = {Estimating dynamic treatment effects in event studies with heterogeneous treatment effects},
journal = {Journal of Econometrics},
volume = {225},
number = {2},
pages = {175-199},
year = {2021},
note = {Themed Issue: Treatment Effect 1},
issn = {0304-4076},
doi = {https://doi.org/10.1016/j.jeconom.2020.09.006},
url = {https://www.sciencedirect.com/science/article/pii/S030440762030378X},
author = {Sun, L. and Abraham, S.}
}

@article{callaway2021,
title = {Difference-in-Differences with multiple time periods},
journal = {Journal of Econometrics},
volume = {225},
number = {2},
pages = {200-230},
year = {2021},
note = {Themed Issue: Treatment Effect 1},
issn = {0304-4076},
doi = {https://doi.org/10.1016/j.jeconom.2020.12.001},
url = {https://www.sciencedirect.com/science/article/pii/S0304407620303948},
author = {Brantly Callaway and Pedro H.C. Sant'Anna},
keywords = {Difference-in-Differences, Dynamic treatment effects, Doubly robust, Event study, Variation in treatment timing, Treatment effect heterogeneity, Semi-parametric}
}

